1752 3214
391 117 510 191 Cap.
537 116 579 182 Ι,
597 112 660 171 de
671 106 827 177 causis
841 105 949 179 diff
961 107 1016 161 in
1029 101 1298 189 Religion,
1432 161 1435 163 ,
1508 127 1528 162 1
1546 127 1574 182 ς

112 229 228 308 sper
243 270 261 294 ,
301 247 398 285 nec
416 249 601 292 'tamen
618 251 698 289 res
717 249 826 289 non
844 225 983 285 male
998 226 1236 286 succedit
1252 274 1269 300 ,
1310 226 1447 288 bene
1460 229 1575 290 suc-

66 350 68 353 .
108 310 302 372 cessura
321 357 339 382 ‚
364 309 438 371 fin
456 318 769 372 exercitatus
787 332 898 371 rem
923 308 1313 386 expediendam
1329 310 1570 394 suscepis-

109 398 200 455 set.
276 396 426 476 Qid
454 397 593 456 illud
623 395 800 477 quae‘so
823 395 927 464 est,
964 394 1116 472 quod
1134 397 1374 474 praestat‚
1417 415 1471 456 ut
1489 422 1574 458 ex-

108 480 331 539 ercitato
363 498 444 537 tes
473 478 722 559 prospere
751 481 993 546 eveniat,
1038 497 1226 556 parum
1283 484 1565 541 exercitato

108 582 220 619 non
238 565 401 620 item:-
443 565 604 623 Certe
620 563 756 623 nihil
777 608 794 633 ,
835 560 903 619 de
925 582 1038 638 quo
1057 559 1304 621 distincte
1317 567 1569 624 exercita-

106 664 189 704 tus
206 649 410 725 cogitat
425 693 442 719 ,
468 666 554 704 aut
570 654 715 722 cujus
730 647 866 704 clara
882 640 1203 703 conscientia
1221 645 1456 704 imbutus
1475 651 1564 707 est.

102 727 273 787 Aliter
309 750 420 786 rem
451 731 597 788 alteri
625 728 884 810 exposuit,
929 724 1140 802 (fidum
1164 733 1369 809 quippe
1389 732 1564 811 Magi-

101 815 260 871 strum
284 811 531 891 tantisper
561 811 778 893 fingoz)
836 813 949 868 Fuit
976 811 1141 891 igitur
1168 816 1221 870 in
1252 820 1568 880 exercitato,

64 901 67 903 ’
99 894 278 954 nescio
294 897 424 974 quid
444 895 734 976 singulare,
762 893 913 975 quod
935 898 1213 972 negotium
1231 896 1563 976 aggressurus

96 981 179 1038 vel
211 978 318 1059 ipse
333 980 481 1036 alteri
496 980 759 1037 declarare
780 997 893 1037 non
915 976 1113 1055 potest:
1156 981 1189 1036 i.
1205 999 1250 1036 e.
1269 981 1423 1039 datur
1439 980 1562 1060 plu·-

98 1065 292 1120 timum
315 1066 372 1120 in
400 1066 607 1134 anima,
652 1059 875 1141 adquod
892 1079 1003 1117 uon
1023 1060 1347 1121 advertimus
1372 1063 1558 1124 distin-

96 1148 213 1219 ete,
257 1165 358 1203 nec
379 1143 584 1222 semper
604 1144 893 1225 possumus.

734 1235 790 1296 §.
840 1230 929 1303 ¹7·

250 1312 323 1369 Ex
350 1308 460 1368 hoc
484 1327 836 1389 argumento,
878 1311 1140 1389 quantum
1171 1307 1373 1370 interfit
1409 1316 1550 1374 inter

82 1392 382 1452 Theoriam
401 1399 457 1450 &
475 1396 674 1472 praxim
690 1390 988 1450 luculenter
1003 1393 1358 1472 cognoscitur.
1400 1400 1549 1455 Thea-

85 1482 168 1532 νέα
194 1476 260 1549 qs}
286 1476 565 1534 multatudo
586 1493 974 1555 perceptzonum,
991 1476 1053 1533 de
1072 1476 1255 1554 quibns
1269 1477 1548 1552 dstt‘nHius

83 1564 331 1639 cogitare,
361 1560 424 1621 ὅ
445 1581 575 1637 quas
589 1563 728 1639 proin
740 1560 858 1616 aliis
872 1558 1140 1616 declarare
1152 1562 1286 1617 licet.
1367 1566 1546 1622 Datur

83 1632 226 1702 enim
244 1643 452 1700 theoria
470 1663 688 1723 quoque
706 1640 775 1700 de
789 1640 945 1700 rebus
964 1641 1377 1721 agendi5,qualis
1391 1647 1446 1703 in
1469 1645 1545 1704 Ie-

82 1747 210 1805 gum
244 1723 567 1784 naturalium
595 1728 782 1784 notitia
804 1727 1041 1802 ponitur.
1093 1731 1192 1783 »At
1210 1735 1392 1804 praxis
1411 1751 1545 1785 com-

71 1812 258 1887 plexus
289 1809 357 1878 el?
373 1815 741 1888 perceptionum
758 1853 775 1878 ‚
817 1809 880 1870 &
909 1811 1077 1866 veluti
1092 1815 1543 1886 experientiamm,

74 1892 482 1963 dementatum,
525 1890 706 1970 qutbus
734 1913 876 1948 nemo
900 1890 1203 1971 afficipotest‚
1227 1894 1317 1961 nisi
1324 1894 1385 1949 ad
1396 1916 1539 1973 agat,

76 1983 221 2042 cujus
250 1978 369 2032 vult
378 1976 527 2046 fiensu
542 1982 623 2032 mi
634 2021 652 2046 ,
696 1995 813 2055 quae
836 1977 994 2052 igitur
1016 1976 1277 2050 ejusmodi
1295 1976 1441 2046 sunt,
1477 1999 1537 2037 ut

71 2059 318 2116 animum
343 2055 423 2116 vel
452 2078 567 2115 non
594 2059 990 2120 advertentem,
1032 2056 1215 2115 sensim
1248 2057 1536 2141 paulatinig

74 2160 180 2219 que
197 2139 407 2200 subeant
422 2186 440 2214 ,
482 2162 581 2200 nec
599 2140 716 2201 aliis
732 2138 981 2220 explicati
995 2140 1206 2221 possint.

708 2232 762 2295 §.
814 2244 833 2281 1
850 2233 903 2285 8.

232 2310 368 2386 Qae
385 2305 661 2365 animabus
680 2307 893 2383 vestigia
911 2325 1148 2385 unquam
1166 2308 1427 2385 impressa,
1442 2322 1531 2372 eas

72 2385 195 2445 dem
214 2390 383 2447 deleri
400 2410 671 2470 nunquam
690 2430 710 2456 ,
753 2394 847 2448 Vir
861 2387 1096 2448 summus
1109 2391 1320 2466 pridem
1344 2394 1530 2453 obser-

69 2474 236 2528 vavit:
292 2475 355 2530 ld
392 2476 542 2552 quod
569 2474 635 2530 ad
663 2476 851 2531 animae
887 2472 1340 2532 immortalitatem
1373 2482 1526 2558 rigo-

68 2552 695 2625 rose-demonstrandam,
724 2554 1012 2635 plurimum
1038 2554 1202 2614 valet:
1244 2559 1322 2631 (c)
1368 2559 1527 2618 Intel-

64 2633 277 2714 ligitur:
314 2641 576 2716 proinde,
624 2639 743 2696 cum
799 2637 1028 2697 infinitis
1088 2641 1522 2718 perceptionibus

68 2737 217 2776 mens
235 2720 480 2797 quotidie
517 2722 773 2780 afficiatur
793 2764 811 2794 ,
853 2723 1005 2780 casin
1023 2719 1202 2797 abyffo
1217 2727 1405 2782 mentis
1420 2729 1522 2783 im-

65 2799 242 2859 mensa
263 2808 490 2882 repostas
510 2852 526 2875 ‚
570 2810 878 2864 varietatem
897 2800 1107 2861 efficere
1123 2802 1423 2869 infinitam„

129 2904 206 2970 (ι’)
239 2906 456 2978 Thomas
472 2906 682 2976 d’Aquin
698 2925 722 2976 a
737 2908 842 2973 deia
857 2906 944 2964 dit,
964 2924 1055 2977 que
1067 2909 1135 2961 les
1151 2921 1281 2960 ames
1301 2905 1383 2956 des
1400 2905 1519 2955 Ani-

1369 2989 1518 3024 maux
