1752 3214
341 108 465 191 05²ssss
480 105 522 158 I.
543 101 606 158 de
630 100 787 173 causis
810 97 916 174 d'ffi
940 101 995 153 in
1027 93 1323 168 Religionee.
1471 120 1547 193 3}

99 216 349 286 tienduS,
374 230 610 292 quorum
651 209 780 269 alter
805 207 1028 267 subinde
1055 210 1202 272 alteri
1231 214 1261 272 ὲ
1279 214 1548 278 diametro

95 295 373 379 oppofitus
394 298 465 359 est
491 321 506 365 3
539 313 656 351 tum
677 297 732 352 in
759 311 934 372 partes
958 292 1101 351 velut
1112 293 1379 376 discerpta
1393 319 1546 360 com-

95 382 313 461 plures,
365 398 478 439 non
511 375 900 444 consentanea,
945 393 1061 436 non
1090 375 1424 447 conformis;
1450 383 1543 444 sed

92 463 397 543 multiplex,
422 467 481 520 &
511 462 782 518 contraria
815 461 1012 517 veritas
1043 463 1144 520 erit
1169 486 1183 522 ε
1214 465 1316 522 Aut
1342 484 1541 524 conce-

89 547 365 612 dendum,
414 544 563 603 illum
600 541 823 621 quidem
855 540 1068 619 lydium
1096 543 1364 626 lapidem,
1402 550 1540 609 citra

86 634 394 690 cautionem
419 668 437 694 ,
466 625 666 686 nullius
694 622 799 684 esse
827 627 968 692 ulus.

691 715 737 778 §-
779 728 881 787 44·

220 796 410 875 Itaque
456 792 630 854 sancta
657 792 906 872 quaedam
953 787 1256 867 diffidentia
1282 794 1351 855 ad
1379 800 1538 859 inex-2

0 941 2 960 Ι
82 873 358 957 plicabiles
414 876 542 938 illos
567 879 740 936 animi
760 895 940 936 motus
961 873 1237 937 afferenda
1262 882 1364 952 est,
1396 881 1533 945 dum

0 970 2 1011 l
83 959 347 1021 distinctis
377 963 695 1025 ratiociniis,
735 966 792 1018 &
823 980 1263 1039 argumentorum
1282 966 1533 1042 pondere

81 1045 233 1122 gravi
280 1044 619 1124 exploratum
651 1041 882 1116 babeas,
919 1044 1072 1120 quod
1100 1042 1132 1103 εὶ
1163 1049 1381 1106 veritate
1408 1069 1528 1111 non

78 1125 337 1190 abladan:
364 1176 384 1204 ‚
425 1125 515 1187 sed
545 1131 714 1186 amice
736 1147 857 1184 cum
884 1146 946 1183 ea
972 1126 1297 1207 conspirent.
1360 1137 1368 1212 ’μ

703 1215 755 1278 §9
795 1224 893 1285 45·
1003 1246 1006 1250 “
1233 1240 1236 1241 ’
1293 1255 1297 1259 ·

242 1296 384 1368 Inter
402 1289 632 1363 cauffas,
662 1289 814 1370 (nam
838 1288 1173 1354 redeundum
1189 1295 1260 1355 est
1274 1294 1361 1368 eo,
1374 1297 1525 1360 unde

41 1424 44 1427 Α
75 1371 253 1434 sumus
294 1375 537 1453 digteffi)
566 1371 762 1452 quibus
786 1374 887 1431 suis
917 1393 1178 1452 perpetuo
1208 1383 1535 1460 mancipan-‚.

20 1514 21 1517 ,
68 1452 160 1516 ’ωε
180 1459 450 1518 erroribus
473 1503 491 1532 ,
518 1459 691 1516 miseri
718 1458 1007 1528 mortaleS,
1040 1476 1155 1534 non
1181 1460 1389 1538 obtinet
1414 1485 1521 1542 po.

71 1541 320 1599 stremum
353 1540 563 1606 locum,
602 1561 721 1621 quae
750 1557 930 1598 tamen
956 1561 1017 1600 ex
1045 1545 1212 1622 priori
1238 1565 1392 1619 nata,
1411 1549 1521 1610 stu.

71 1621 223 1682 dium
247 1622 355 1683 scil⁶
373 1627 434 1683 in
463 1627 745 1685 contrariis
773 1624 1035 1682 doctrinis
1062 1625 1478 1706 superficiarium
1498 1678 1520 1706 ,

73 1726 343 1779 mancum,
375 1706 744 1768 desultorium.
829 1710 964 1768 Non
982 1708 1107 1767 dico
1126 1711 1190 1766 de
1205 1711 1361 1791 plebe
1374 1713 1516 1786 rudi,

70 1792 158 1857 cui
201 1790 268 1848 ad
318 1790 536 1850 salutem
569 1789 789 1854 sufficit,
826 1789 1026 1870 absque
1064 1791 1382 1872 dogmatum
1412 1796 1510 1856 ad-

6 1886 9 1887 ’
64 1872 338 1932 versorum
373 1871 601 1953 operoso
635 1875 908 1950 examine,
942 1871 1040 1933 soli
1076 1874 1343 1959 scriptura:
1375 1899 1513 1961 ope.

61 1975 176 2013 ram
207 1976 429 2029 navare,
459 1957 643 2027 missa,
670 1977 786 2036 quae
815 1963 874 2015 &
914 1953 1101 2037 suscipi
1126 1978 1237 2019 non
1271 1966 1444 2042 potest
1475 1964 1510 2023 ἃ

61 2037 310 2118 quolibet
326 2044 458 2121 s-(g)
483 2039 700 2099 haereses
719 2040 1057 2099 examinandi
1072 2043 1212 2103 curii.
1293 2045 1508 2105 Etiamsi

59 2124 301 2181 veritatis
328 2144 448 2181 cum
479 2125 753 2182 erroribus
789 2122 1095 2201 compofitae
1117 2131 1367 2206 ‘cognitio
1392 2150 1507 2189 ma-

59 2207 140 2282 gis
167 2204 592 2285 exsplendescat,
629 2211 686 2264 &
708 2203 979 2266 summum
1007 2211 1364 2282 conscendat,
1401 2234 1502 2273 cae-

59 2290 182 2345 teris
207 2289 455 2366 paribus,
487 2291 843 2349 convietionis
866 2288 1092 2370 gradum
1110 2316 1124 2351 2
1144 2297 1363 2374 Loquor
1379 2314 1500 2365 tan·-¹

57 2369 176 2428 tum
200 2372 266 2431 de
294 2375 356 2432 iis
373 2414 391 2439 ,
414 2379 565 2452 queis
585 2417 603 2445 ‚
630 2390 884 2452 tanquam
913 2370 1149 2434 Ecclefiae
1168 2374 1495 2450 luminibus,

54 2452 112 2509 id
143 2459 351 2532 negotii
385 2459 573 2516 datum
598 2455 949 2536 intelligitur,
989 2475 1048 2515 ut
1071 2460 1490 2521 adversariorum

52 2536 343 2612 opiniones
370 2542 581 2620 penitus
611 2537 907 2618 exploratas
923 2538 1173 2614 habeant,
1187 2538 1327 2601 facta
1342 2565 1492 2617 utro-3

53 2636 280 2698 rumque
316 2622 634 2703 dogmatum
655 2625 1084 2704 comparatione,
1115 2625 1373 2700 judicium
1402 2627 1489 2685 so·

52 2696 258 2772 lidum,
290 2710 348 2760 &
377 2712 473 2777 iis,
511 2712 606 2781 qui
632 2702 774 2764 forte
801 2705 985 2784 paffim
1025 2727 1086 2764 ex
1120 2706 1284 2790 vulgo
1307 2707 1488 2771 dubiis

36 2795 320 2844 tentantur
336 2829 352 2852 ,
373 2788 706 2847 certiffimam
726 2788 884 2847 laturi
916 2809 1095 2868 opem.

114 2883 194 2950 (g)
228 2863 476 2940 Veriffima
500 2888 607 2955 sunt
636 2886 887 2957 sequentia
899 2888 1005 2959 Vixi
1018 2893 1165 2948 Docti
1179 2891 1320 2963 getha
1332 2909 1348 2943 z
1360 2895 1484 2945 Gom

1402 2977 1486 3012 ine
