1706 3224
1375 38 1403 55 μ

548 81 654 163 pe
672 80 833 135 Cultu
849 79 1149 158 imaginum.
1493 107 1522 161 5
1539 106 1561 159 3
1577 102 1607 160 5
1650 143 1653 155 ,,

131 197 1558 225 *mm-..m-

76 263 81 270 ‘
110 251 253 308 sacer
282 239 474 305 Codex
500 239 835 296 Servatorem
852 259 1145 321 comparat.
1183 241 1317 318 Joh.
1344 241 1594 317 1.Ebr.9,

77 352 82 355 ·
108 324 226 381 Cur
242 321 323 380 hae
336 341 414 380 res
428 341 537 379 non
554 321 819 400 poffintin
836 327 937 380 aris
953 323 1169 402 publice
1185 326 1603 402 collocari,pop-

106 403 198 464 lite
211 401 369 466 flexo,
389 401 599 464 adorari
615 409 672 462 δε
688 405 905 467 Christo
925 407 1104 466 honor
1117 426 1288 466 certus
1302 414 1357 466 &
1373 406 1595 475 debitus

107 485 376 546 exhiberi?

241 583 243 588 '
607 633 614 640 d
744 578 776 642 §
841 581 1019 649 1048.

267 657 333 711 In
349 650 501 711 sacris
518 652 864 729 proceffibus,
897 677 1101 735 magnae
1115 655 1473 717 hebdomadis
1491 655 1599 729 die,

100 734 209 817 quii
221 739 461 818 optimus
485 735 759 795 Liberator
776 742 948 797 crucis
971 759 1186 819 poenam
1209 738 1394 804 subiit,
1430 760 1594 800 nemo

99 823 273 900 magis
303 820 498 879 Christi
533 824 848 877 memoriam
882 816 1127 891 refricat,
1164 844 1327 902 quam
1346 824 1593 903 quiloris

97 906 336 974 vincstus,
380 901 639 961 militibus
663 903 908 980 stipatus,
971 926 1178 963 crucem
1204 904 1400 983 bajulat
1418 908 1593 965 &cir-

97 986 405 1068 cumgestat.
432 986 627 1043 Videas
644 987 912 1059 ejusmodi
934 988 1211 1046 hominem
1235 990 1300 1047 ab
1317 989 1592 1059 omnibus,
1680 1029 1683 1032 -

100 1072 248 1129 testo
273 1073 469 1146 capite,
499 1067 695 1147 adspici
712 1094 731 1125 .·
777 1074 831 1127 &
848 1093 1009 1149 quem
1028 1074 1299 1142 inanimis,
1325 1093 1484 1131 manu
1500 1070 1586 1131 fa-

99 1155 200 1212 ffis
214 1151 497 1221 artificum,
512 1148 912 1234 efformatisque
926 1155 1086 1234 lignis
1102 1156 1343 1232 praestant
1358 1155 1586 1228 cultum,

100 1238 423 1314 denegatum
441 1234 688 1294 obsetves
711 1236 921 1298 homini
936 1244 1057 1296 vivo
1073 1283 1088 1308 ‚
1123 1241 1328 1296 ratione
1345 1240 1603 1314 praeditor

98 1321 373 1381 Christum
388 1318 847 1398 repraesentaturc).
915 1325 1022 1379 Aut
1035 1323 1201 1401 igitur
1217 1319 1298 1379 illi
1316 1321 1587 1380 honorem

97 1403 381 1462 simulacro
406 1404 668 1460 destinant
698 1424 907 1474 verum,
964 1422 1064 1461 nec
1087 1408 1359 1462 memoriae
1377 1423 1584 1462 tantum

102 1485 274 1547 caussa
288 1505 581 1566 prototypo
602 1483 842 1546 debitum
858 1533 874 1559 ,
918 1485 1071 1566 quod
1088 1485 1346 1545 hastenus
1362 1506 1554 1566 negant
1571 1515 1588 1559 3

101 1570 227 1629 licet
246 1572 335 1630 alii
367 1588 478 1627 non
508 1566 866 1630 diffiteantur:
909 1590 996 1629 aut
1024 1576 1081 1627 &
1113 1569 1382 1645 ejusmodi
1402 1569 1591 1642 hom0,

95 1659 244 1729 cujus
259 1655 455 1713 obtutu
470 1673 630 1731 quam
645 1656 872 1712 maxime
884 1656 939 1712 in
955 1653 1154 1712 Christi
1170 1656 1480 1711 memoriam
1500 1674 1590 1711 ve-

84 1740 353 1801 *nitelicet
369 1781 385 1806 ,
414 1757 521 1816 prae
537 1736 743 1798 multis,
770 1741 883 1796 imo
904 1739 1109 1795 cunffls
1128 1734 1438 1815 effigiebus,
1483 1735 1588 1793 ho·

101 1821 376 1879 notandus
395 1821 484 1879 est.
565 1819 737 1901 Qod
753 1819 832 1880 illi
853 1840 1035 1879 tamen
1058 1816 1232 1878 facere
1258 1839 1586 1900 magnopere

103 1903 417 1965 detreaant.
1185 1915 1189 1917 ’

723 1994 768 2057 §.
823 2008 991 2062 1049.

240 2069 607 2130 Convertatur
634 2073 773 2130 inter
793 2091 973 2149 preces
995 2069 1119 2128 data
1132 2089 1296 2148 opera
1314 2066 1505 2128 oculus
1520 2068 1577 2126 in

61 2218 70 2225 Α,
95 2151 341 2209 homines
375 2153 479 2210 una*
506 2158 563 2214 in
580 2152 783 2233 templo
801 2153 1024 2212 versatos
1039 2197 1055 2224 ‚
1076 2156 1357 2227 ¹continuo
1374 2155 1581 2209 animus

97 2236 281 2294 alienis
300 2237 722 2314 cogitationibus
738 2237 1058 2309 tentabitur3
1106 2256 1249 2295 nunc
1267 2238 1371 2295 hoc
1388 2281 1405 2306 ,
1435 2254 1579 2292 nunc

94 2319 226 2379 illud
244 2323 527 2392 incrustet,
541 2322 764 2380 attentio
778 2323 1320 2400 interrumpetur,nec
1336 2338 1405 2376 un
1414 2338 1578 2395 quam

97 2401 198 2461 fixa
234 2405 287 2459 in
323 2405 474 2463 DEO
512 2405 689 2462 mente
722 2409 1024 2463 orationem
1061 2407 1255 2483 poteris
1291 2399 1578 2459 absolvere.

96 2487 251 2547 Idem
281 2506 393 2544 non
419 2486 560 2568 poffe
577 2509 688 2548 non
705 2488 819 2545 fieri
839 2529 856 2551 ,
890 2507 977 2545 aut
993 2487 1086 2545 usu
1101 2490 1280 2545 venire
1297 2486 1577 2562 imagines,
1606 2519 1615 2522 -

98 2570 363 2649 prostrato
380 2592 625 2651 corpore,
647 2570 1020 2630 venerantibus
1036 2574 1283 2628 irretor'to
1296 2569 1465 2638 vultu,
1494 2565 1579 2625 vei

97 2653 208 2729 ipse
236 2651 353 2710 usus
384 2656 565 2727 docet.
637 2660 770 2735 Q
801 2658 945 2714 enim
962 2652 1291 2733 elegantior,
1337 2651 1581 2719 nitidior,

98 2734 484 2815 pretiosiorque
500 2742 702 2816 imago,
723 2760 789 2796 eo
807 2744 972 2815 major
987 2737 1054 2797 ad
1068 2736 1213 2797 iliam
1230 2731 1573 2795 credulorum

97 2821 170 2879 est
184 2817 475 2882 confluxus.
514 2843 608 2904 per
628 2832 673 2894 §.
699 2841 869 2885 1020.
892 2902 908 2961 l
1524 2881 1527 2883 ᾖ
1672 2879 1674 2881 ,

830 2910 871 2964 L
953 2923 991 2977 4
1332 2907 1374 2971 §-
1403 2922 1468 2959 10
1480 2919 1573 2976 50.
1636 2960 1638 2962 ,
