1706 3224
261 89 345 144 De
358 86 865 146 rationeStudiorum
879 87 932 139 in
943 84 1260 148 universum.
1419 98 1437 148 5
1455 93 1486 151 7
1497 97 1527 146 9

46 215 375 283 &fiduciam
393 219 694 274 aeternitatis
708 259 725 284 ,
759 236 920 293 quam
939 215 976 274 fi
998 217 1076 271 vel
1096 236 1383 295 perennem
1403 237 1520 275 mo-

54 317 169 358 tum
205 299 290 358 vel
316 297 694 379 quadraturam
718 299 927 357 Circuli
953 295 1342 359 invenissemus.

647 388 691 447 §.
742 398 909 454 1173.

143 466 162 482 ⁸
211 462 510 546 Qalirates
543 469 760 541 organis
801 466 1076 542 corporeis
1111 459 1372 521 sensibiles
1408 461 1525 521 sunt

51 545 136 606 vel
168 566 480 604 communes
517 545 758 623 pluribus
790 552 1037 625 organis,
1069 565 1290 622 nempe:
1334 566 1522 602 nume-

40 626 176 693 ?rus',
219 630 357 706 (qui
392 628 640 688 omnibus
665 627 898 686 sensibus
926 629 1151 686 externis
1180 631 1516 707 percipitur)

48 710 159 770 he.
193 711 577 772 Arithmetica:
623 716 680 769 ὅ(
714 709 944 768 extenfio
961 718 1177 788 ejusque
1193 711 1524 777 variimodi‚

35 802 195 873 (quae
219 793 335 852 visu
367 796 535 854 solum
573 799 628 850 &
655 797 794 853 tastu
833 797 1169 873 percipitur)
1213 793 1341 853 hinc
1371 798 1516 852 Geo-

45 879 278 934 metrica.
363 882 531 936 Porro
561 878 824 957 quicquid
867 897 1048 953 praeter
1073 876 1428 935 extentionem
1455 882 1514 934 &

45 979 326 1018 numerum
356 959 512 1018 aliam
544 958 718 1018 adhuc
742 960 1068 1036 Qualitatem
1098 958 1388 1035 sensibilem
1418 959 1514 1017 ha-

44 1040 169 1110 bet,
210 1043 263 1098 id
289 1043 481 1102 dicitur
506 1043 734 1120 Corpus.
816 1043 1091 1124 Qicquid
1120 1064 1230 1099 non
1254 1042 1411 1100 habet
1431 1044 1515 1101 di·

20 1128 188 1190 *citur*
214 1127 471 1185 Vacuum.
554 1127 660 1182 Hic
684 1134 785 1199 jam
817 1132 988 1183 oritur
1017 1124 1245 1202 Physica.
1330 1122 1518 1183 Sensus

0 1220 221 1266 ”autem
257 1205 658 1286 fimpliciffimus
697 1212 767 1267 est
800 1211 1009 1278 rafim,
1052 1229 1164 1285 quo
1199 1211 1513 1287 percipitur,

42 1310 246 1350 motus.
371 1296 509 1371 Qae
545 1291 809 1372 explicare
846 1292 917 1350 est
957 1292 1215 1371 generalis
1254 1289 1514 1368 Phyficae:

42 1379 169 1453 quia
196 1394 252 1433 ut
279 1373 478 1432 deinde
499 1374 973 1433 demonstrandum
995 1375 1066 1432 est
1089 1377 1146 1432 in
1165 1376 1362 1432 caeteris
1380 1394 1511 1452 qua-

40 1455 278 1516 litatibus
314 1457 453 1516 nibil
473 1457 621 1516 aliud
654 1459 725 1516 est
744 1503 760 1530 ,
807 1477 967 1536 quam
993 1455 1197 1516 subtilis
1220 1476 1395 1515 motus
1422 1476 1512 1531 per

47 1536 210 1619 qii'em
257 1538 472 1600 assumta
504 1539 846 1608 extensione,
885 1559 1080 1602 caetetae
1125 1561 1312 1598 omnes
1351 1538 1517 1613 expli-

40 1628 150 1681 cari
182 1623 413 1700 possunt.
495 1626 629 1682 Sunt
652 1630 708 1682 δε
737 1627 1018 1702 qualitates
1040 1626 1207 1683 tastus
1240 1620 1511 1703 speciales:

39 1703 300 1779 soliditas,
328 1705 579 1777 fluiditas,
602 1713 874 1779 tenacitas,
887 1705 1160 1787 glabricies
1175 1712 1280 1764 διε.
1321 1709 1514 1786 Qn-

41 1806 157 1847 tum
199 1807 258 1848 ut
295 1794 352 1847 &5
390 1791 546 1848 Lucis
589 1790 967 1870 Colorumque
993 1829 1010 1853 ,
1063 1808 1175 1848 turn
1225 1789 1512 1858 sonorum,

39 1871 276 1931 odorum
301 1919 318 1944 ,
379 1869 627 1951 saporum
672 1874 886 1932 historia
924 1871 1318 1950 diligentiffime
1360 1870 1507 1927 colli—

39 1954 224 2034 genda
264 1959 334 2013 est
354 2000 371 2024 ,
424 1975 477 2013 ut
509 1974 661 2014 tanto
686 1954 898 2020 facilius
929 1957 1082 2016 causa
1108 1976 1200 2038 per
1232 1956 1507 2013 materiam

42 2044 100 2096 δε
129 2057 335 2098 motum
361 2039 517 2098 reddi
539 2040 716 2118 poffit.

318 2158 319 2166 κ
519 2159 531 2161 -
619 2132 670 2194 §.
718 2140 892 2197 1174.

166 2216 170 2217 ⁷
209 2204 608 2286 Philosophiam
634 2206 946 2264 abstm<stam
972 2205 1040 2263 de
1060 2199 1420 2279 Qualitatibus
1434 2198 1509 2258 se-

39 2291 221 2369 quitur
250 2289 520 2348 Concreta
553 2291 619 2346 de
650 2289 867 2357 Rebus,
903 2292 958 2347 in
995 2309 1127 2367 quas
1159 2287 1242 2345 hae
1267 2284 1511 2370 Qlita-

39 2374 121 2429 tes
155 2374 415 2431 coierunt.
503 2375 562 2428 In
594 2393 702 2450 qua
732 2370 868 2429 nihil
899 2371 1039 2429 aliud
1066 2369 1126 2427 fit
1162 2390 1322 2450 quam
1354 2364 1508 2445 quod

37 2454 285 2514 historice
319 2477 492 2513 rerum
532 2454 828 2532 Qalitates
869 2452 1235 2519 recensentur,
1288 2456 1345 2508 &
1373 2449 1509 2507 nihil

11 2537 223 2596 ,denuo
242 2538 631 2599 demonstratur
655 2577 670 2600 ,
711 2538 798 2594 sed
826 2534 1113 2594 subsumtio
1147 2553 1352 2593 tantum
1376 2530 1434 2588 fit
1446 2553 1507 2589 ex

40 2621 525 2698 praedemonstratis
567 2625 624 2679 in
667 2617 1010 2696 Philosophia
1049 2617 1317 2677 abstraCia.
1400 2619 1509 2674 Hic

43 2706 218 2780 agitur
245 2702 313 2760 de
341 2707 472 2761 DEo
496 2701 747 2783 Angelis,
776 2704 968 2759 Mente
987 2703 1194 2771 nostra3
1233 2705 1386 2777 igne,
1416 2720 1505 2756 va-

41 2786 296 2870 poribus,
336 2789 597 2847 Meteoris
620 2825 640 2853 ‚
685 2805 823 2862 aqua
865 2791 923 2842 &
950 2784 1214 2864 speciebus
1235 2786 1504 2863 liqmrum

720 2870 778 2926 O
801 2888 834 2924 0
876 2883 915 2931 2
1328 2867 1508 2932 varim
